<collection xmlns='http://www.loc.gov/MARC21/slim' xmlns:xsi='http://www.w3.org/2001/XMLSchema-instance' xsi:schemaLocation='http://www.loc.gov/standards/marcxml/schema/MARC21slim.xsd'>
  <record xmlns="http://www.loc.gov/MARC21/slim">
    <leader>00000ctm a2200000Ia 4500</leader>
    <controlfield tag="001">on1080520165</controlfield>
    <controlfield tag="008">181231q16501750ua ap         000 0 ara d</controlfield>
    <datafield tag="040" ind1=" " ind2=" ">
      <subfield code="a">PLF</subfield>
      <subfield code="b">eng</subfield>
      <subfield code="e">amremm</subfield>
      <subfield code="c">PLF</subfield>
      <subfield code="d">OCLCO</subfield>
      <subfield code="d">PLF</subfield>
      <subfield code="d">OCLCF</subfield>
      <subfield code="d">PLF</subfield>
    </datafield>
    <datafield tag="035" ind1=" " ind2=" ">
      <subfield code="a">(PLF)2438126</subfield>
    </datafield>
    <datafield tag="041" ind1="0" ind2=" ">
      <subfield code="a">ara</subfield>
      <subfield code="a">cop</subfield>
    </datafield>
    <datafield tag="099" ind1=" " ind2=" ">
      <subfield code="a">Lewis O 29</subfield>
    </datafield>
    <datafield tag="049" ind1=" " ind2=" ">
      <subfield code="a">PLFF</subfield>
    </datafield>
    <datafield tag="245" ind1="0" ind2="0">
      <subfield code="6">880-01</subfield>
      <subfield code="a">[Ajbīyah]. al-Salām la-ki yā Maryam.</subfield>
    </datafield>
    <datafield tag="260" ind1=" " ind2=" ">
      <subfield code="a">[Egypt] ;</subfield>
      <subfield code="c">[between 1650 and 1750?]</subfield>
    </datafield>
    <datafield tag="300" ind1=" " ind2=" ">
      <subfield code="a">257 leaves :</subfield>
      <subfield code="b">paper, illuminations ;</subfield>
      <subfield code="c">105 x 80 (80 x 50) mm bound to 105 x 85 mm.</subfield>
    </datafield>
    <datafield tag="500" ind1=" " ind2=" ">
      <subfield code="a">Ms. codex.</subfield>
    </datafield>
    <datafield tag="520" ind1=" " ind2=" ">
      <subfield code="a">Copy of the Ajbīyah, a Coptic book of prayers, followed by a prayer to Mary. Nine full page illustrations; several illuminated titles.</subfield>
    </datafield>
    <datafield tag="546" ind1=" " ind2=" ">
      <subfield code="a">Arabic and Coptic.</subfield>
    </datafield>
    <datafield tag="500" ind1=" " ind2=" ">
      <subfield code="a">Title supplied by cataloger based on contents and section titles.</subfield>
    </datafield>
    <datafield tag="510" ind1="4" ind2=" ">
      <subfield code="a">Simsar, Muhammed Ahmed. Oriental manuscripts of the John Frederick Lewis Collection,</subfield>
      <subfield code="c">29.</subfield>
    </datafield>
    <datafield tag="500" ind1=" " ind2=" ">
      <subfield code="a">Foliation: Modern foliation added, upper left recto; catchwords every verso, lower left. Coptic pagination, upper left recto.</subfield>
    </datafield>
    <datafield tag="500" ind1=" " ind2=" ">
      <subfield code="a">Layout: 10 long lines for Arabic text; 12 long lines for Coptic.</subfield>
    </datafield>
    <datafield tag="500" ind1=" " ind2=" ">
      <subfield code="a">Script: Written in naskh in black ink; pointed, partially vocalized.</subfield>
    </datafield>
    <datafield tag="500" ind1=" " ind2=" ">
      <subfield code="a">Decoration: Rubrications in red. Nine full page, polychrome illustrations primarily in yellow, green, red: four crosses (f. 1v, 15v, 56v, 84v), three medallions with birds (f. 106v, 159v, 178v), one medallion with flowers (f. 227v), King David (f. 24v), Mary and Christ Child (f. 217v), Abūnā Antūniyūs (f. 257v). Illuminated headpieces and text dividers.</subfield>
    </datafield>
    <datafield tag="500" ind1=" " ind2=" ">
      <subfield code="a">Binding: Bound in brown leather over pasteboard with flap (Type II) and carrying case that was likely repurposed from another book. Boards have red embossed and gilded inlayed central mandorla with four pendants, one on each side, plus cornerpieces and a gilt-stamped frame. Fore-edge hinge also gilt-stamped. Blue paper doublure with gilt-stamped flowers. Yellow and orange endbands in chevron pattern. Carrying case is 20 mm longer than the book, made of reddish leather with blind stamped black paper onlays of central mandorla and two palmettes on the vertical axis. The inside lining of the case is paper with brown stain in a pattern of diamonds and central florets.</subfield>
    </datafield>
    <datafield tag="500" ind1=" " ind2=" ">
      <subfield code="a">Origin: Item is undated and not signed, but likely copied in Egypt sometime in the mid-17th to mid-18th century.</subfield>
    </datafield>
    <datafield tag="541" ind1="1" ind2=" ">
      <subfield code="a">Gift of Anne Baker Lewis in 1933.</subfield>
    </datafield>
    <datafield tag="561" ind1="1" ind2=" ">
      <subfield code="a">Formerly owned by Thomas Bateman (armorial bookplate on last flyleaf recto).</subfield>
    </datafield>
    <datafield tag="561" ind1="1" ind2=" ">
      <subfield code="a">Formerly owned by Robert Hoe (bookplate on last flyleaf verso).</subfield>
    </datafield>
    <datafield tag="561" ind1="1" ind2=" ">
      <subfield code="a">Sold at the Robert Hoe sale (Part II) Anderson Auction Company (New York), 16 January 1912, lot 2025 for $50 (note in pencil on last flyleaf verso).</subfield>
    </datafield>
    <datafield tag="561" ind1="1" ind2=" ">
      <subfield code="a">Catalog entry from Carolyn Shipman, "A catalogue of manuscripts forming a portion of the library of Robert Hoe" (New York, 1909), p. 209 is tipped in between last two flyleaves.</subfield>
    </datafield>
    <datafield tag="561" ind1="1" ind2=" ">
      <subfield code="a">Formerly owned by John Frederick Lewis.</subfield>
    </datafield>
    <datafield tag="650" ind1=" " ind2="0">
      <subfield code="a">Copts</subfield>
      <subfield code="v">Prayers and devotions</subfield>
      <subfield code="v">Early works to 1800.</subfield>
    </datafield>
    <datafield tag="650" ind1=" " ind2="0">
      <subfield code="a">Christianity</subfield>
      <subfield code="v">Prayers and devotions</subfield>
      <subfield code="v">Early works to 1800.</subfield>
    </datafield>
    <datafield tag="650" ind1=" " ind2="0">
      <subfield code="a">Mary, Blessed Virgin, Saint, in the liturgy</subfield>
      <subfield code="v">Prayers and devotions</subfield>
      <subfield code="v">Early works to 1800.</subfield>
    </datafield>
    <datafield tag="650" ind1=" " ind2="7">
      <subfield code="a">Christianity.</subfield>
      <subfield code="2">fast</subfield>
      <subfield code="0">(OCoLC)fst00859599</subfield>
    </datafield>
    <datafield tag="650" ind1=" " ind2="7">
      <subfield code="a">Copts.</subfield>
      <subfield code="2">fast</subfield>
      <subfield code="0">(OCoLC)fst00878645</subfield>
    </datafield>
    <datafield tag="650" ind1=" " ind2="7">
      <subfield code="a">Mary, Blessed Virgin, Saint, in the liturgy.</subfield>
      <subfield code="2">fast</subfield>
      <subfield code="0">(OCoLC)fst01010978</subfield>
    </datafield>
    <datafield tag="655" ind1=" " ind2="0">
      <subfield code="a">Manuscripts, Arabic</subfield>
      <subfield code="y">17th century.</subfield>
    </datafield>
    <datafield tag="655" ind1=" " ind2="0">
      <subfield code="a">Manuscripts, Arabic</subfield>
      <subfield code="y">18th century.</subfield>
    </datafield>
    <datafield tag="655" ind1=" " ind2="0">
      <subfield code="a">Manuscripts, Coptic</subfield>
      <subfield code="y">17th century.</subfield>
    </datafield>
    <datafield tag="655" ind1=" " ind2="0">
      <subfield code="a">Manuscripts, Coptic</subfield>
      <subfield code="y">18th century.</subfield>
    </datafield>
    <datafield tag="655" ind1=" " ind2="7">
      <subfield code="a">Codices (bound manuscripts)</subfield>
      <subfield code="2">aat</subfield>
    </datafield>
    <datafield tag="655" ind1=" " ind2="7">
      <subfield code="a">Illuminations (painting)</subfield>
      <subfield code="2">aat</subfield>
    </datafield>
    <datafield tag="655" ind1=" " ind2="7">
      <subfield code="a">Prayer books.</subfield>
      <subfield code="2">aat</subfield>
    </datafield>
    <datafield tag="655" ind1=" " ind2="7">
      <subfield code="a">Miniatures (paintings)</subfield>
      <subfield code="2">aat</subfield>
    </datafield>
    <datafield tag="655" ind1=" " ind2="7">
      <subfield code="a">Islamic bindings (Binding)</subfield>
      <subfield code="2">rbbin</subfield>
    </datafield>
    <datafield tag="655" ind1=" " ind2="7">
      <subfield code="a">Envelope flaps (features)</subfield>
      <subfield code="2">lobt</subfield>
    </datafield>
    <datafield tag="655" ind1=" " ind2="7">
      <subfield code="a">Early works.</subfield>
      <subfield code="2">fast</subfield>
      <subfield code="0">(OCoLC)fst01411636</subfield>
    </datafield>
    <datafield tag="655" ind1=" " ind2="7">
      <subfield code="a">Prayers and devotions.</subfield>
      <subfield code="2">fast</subfield>
      <subfield code="0">(OCoLC)fst01423909</subfield>
    </datafield>
    <datafield tag="700" ind1="1" ind2=" ">
      <subfield code="a">Bateman, Thomas,</subfield>
      <subfield code="d">1821-1861,</subfield>
      <subfield code="e">former owner.</subfield>
    </datafield>
    <datafield tag="700" ind1="1" ind2=" ">
      <subfield code="a">Hoe, Robert,</subfield>
      <subfield code="d">1839-1909,</subfield>
      <subfield code="e">former owner.</subfield>
    </datafield>
    <datafield tag="700" ind1="1" ind2=" ">
      <subfield code="a">Lewis, John Frederick,</subfield>
      <subfield code="d">1860-1932,</subfield>
      <subfield code="e">former owner.</subfield>
    </datafield>
    <datafield tag="700" ind1="1" ind2=" ">
      <subfield code="a">Lewis, Anne Baker,</subfield>
      <subfield code="d">1868-1937,</subfield>
      <subfield code="e">donor.</subfield>
    </datafield>
    <datafield tag="710" ind1="2" ind2=" ">
      <subfield code="a">Anderson Galleries, Inc.,</subfield>
      <subfield code="e">auctioneer.</subfield>
    </datafield>
    <datafield tag="710" ind1="2" ind2=" ">
      <subfield code="a">Free Library of Philadelphia.</subfield>
      <subfield code="b">Rare Book Department.</subfield>
      <subfield code="b">John Frederick Lewis Collection of Oriental Manuscripts.</subfield>
    </datafield>
    <datafield tag="710" ind1="2" ind2=" ">
      <subfield code="a">Coptic Church.</subfield>
      <subfield code="t">Horologion.</subfield>
    </datafield>
    <datafield tag="740" ind1="0" ind2="2">
      <subfield code="6">880-02</subfield>
      <subfield code="a">Nusakh al-Sabʻ al-ṣalawāt al-laylīyah wa-al-nahārīyah.</subfield>
    </datafield>
    <datafield tag="740" ind1="0" ind2="2">
      <subfield code="6">880-03</subfield>
      <subfield code="a">Ṣalāt al-Sawāʻī.</subfield>
    </datafield>
    <datafield tag="740" ind1="3" ind2="2">
      <subfield code="6">880-04</subfield>
      <subfield code="a">al-Salām la-ki yā Miryam.</subfield>
    </datafield>
    <datafield tag="752" ind1=" " ind2=" ">
      <subfield code="a">Egypt</subfield>
    </datafield>
    <datafield tag="852" ind1=" " ind2=" ">
      <subfield code="b">Rare Book Department</subfield>
      <subfield code="a">Free Library of Philadelphia</subfield>
      <subfield code="e">Philadelphia</subfield>
      <subfield code="u">https://know.freelibrary.org/Record/2438126</subfield>
    </datafield>
    <datafield tag="880" ind1="0" ind2="0">
      <subfield code="6">245-01/(3/r</subfield>
      <subfield code="a">[أجبية]. السلام لك يا مريم.</subfield>
    </datafield>
    <datafield tag="880" ind1="0" ind2="2">
      <subfield code="6">740-02/(3/r</subfield>
      <subfield code="a">نسخ السبع الصلوات الليلية والنهارية.</subfield>
    </datafield>
    <datafield tag="880" ind1="0" ind2="2">
      <subfield code="6">740-03/(3/r</subfield>
      <subfield code="a">صلوة السواعي.</subfield>
    </datafield>
    <datafield tag="880" ind1="2" ind2="2">
      <subfield code="6">740-04/(3/r</subfield>
      <subfield code="a">السلام لك يا مريم.</subfield>
    </datafield>
    <datafield tag="066" ind1=" " ind2=" ">
      <subfield code="c">(3</subfield>
    </datafield>
  </record></collection>